<record><leader>00000cas a2200000 a 4500</leader><controlfield tag="001">18353704</controlfield><controlfield tag="008">880815d191u191uwauwr nd      0    0eng d</controlfield><datafield ind1=" " ind2=" " tag="010"><subfield code="a">sn 88085918 </subfield></datafield><datafield ind1=" " ind2=" " tag="040"><subfield code="a">SLZ</subfield><subfield code="b">eng</subfield><subfield code="c">SLZ</subfield><subfield code="d">OCL</subfield><subfield code="d">OCLCQ</subfield><subfield code="d">OCLCF</subfield><subfield code="d">OCLCO</subfield></datafield><datafield ind1=" " ind2=" " tag="042"><subfield code="a">msc</subfield></datafield><datafield ind1=" " ind2=" " tag="043"><subfield code="a">n-us-wa</subfield></datafield><datafield ind1="0" ind2="0" tag="245"><subfield code="a">Dunlap's store, Messenger on the corner.</subfield></datafield><datafield ind1=" " ind2=" " tag="260"><subfield code="a">[Molson, Wash.] :</subfield><subfield code="b">Dunlap's Dept. Store</subfield></datafield><datafield ind1=" " ind2=" " tag="310"><subfield code="a">Weekly</subfield></datafield><datafield ind1=" " ind2=" " tag="336"><subfield code="a">text</subfield><subfield code="b">txt</subfield><subfield code="2">rdacontent</subfield></datafield><datafield ind1=" " ind2=" " tag="337"><subfield code="a">unmediated</subfield><subfield code="b">n</subfield><subfield code="2">rdamedia</subfield></datafield><datafield ind1=" " ind2=" " tag="588"><subfield code="a">Description based on: Nov. 1918 issue.</subfield></datafield><datafield ind1=" " ind2="0" tag="651"><subfield code="a">Molson (Wash.)</subfield><subfield code="v">Newspapers.</subfield></datafield><datafield ind1=" " ind2="7" tag="655"><subfield code="a">Newspapers.</subfield><subfield code="2">fast</subfield><subfield code="0">(OCoLC)fst01423814</subfield></datafield><datafield ind1=" " ind2="7" tag="651"><subfield code="a">Washington (State)</subfield><subfield code="z">Molson.</subfield><subfield code="2">fast</subfield><subfield code="0">(OCoLC)fst01267644</subfield></datafield><datafield ind1="2" ind2=" " tag="710"><subfield code="a">Dunlap's Department Store (Molson, Wash.)</subfield></datafield><datafield ind1=" " ind2=" " tag="752"><subfield code="a">United States</subfield><subfield code="b">Washington</subfield><subfield code="c">Okanogan</subfield><subfield code="d">Molson.</subfield></datafield></record>